
@book{pohl2010basiswissen,
  title={Basiswissen Requirements Engineering: Aus- und Weiterbildung nach IREB-Standard zum Certified Professional for Requirements Engineering-- Foundation Level},
  author={Pohl, K. and Rupp, C.},
  isbn={9783898647083},
  url={http://books.google.com/books?id=ebqQSQAACAAJ},
  year={2010},
  publisher={Dpunkt.Verlag GmbH}
}



%%Internet
 @misc{ wiki:Endrekursion,
   author = "Wikipedia",
   title = "Endrekursion --- Wikipedia",
   year = "2010",
   howpublished = "http://de.wikipedia.org/w/index.php?title=Endrekursion\&oldid=78741723",
   note = "[Online; Stand 3. Oktober 2010]"
 }
